<record><leader>00000cas a22000007a 4500</leader><controlfield tag="001">10268985</controlfield><controlfield tag="008">840106d18441847msuwr ne      0   a0eng  </controlfield><datafield ind1=" " ind2=" " tag="010"><subfield code="a">sn 84020022 </subfield></datafield><datafield ind1=" " ind2=" " tag="040"><subfield code="a">DLC</subfield><subfield code="b">eng</subfield><subfield code="c">DLC</subfield><subfield code="d">MSJ</subfield><subfield code="d">KNP</subfield><subfield code="d">NVF</subfield><subfield code="d">NVK</subfield><subfield code="d">OCL</subfield><subfield code="d">OCLCO</subfield><subfield code="d">OCLCF</subfield><subfield code="d">DLC</subfield></datafield><datafield ind1="0" ind2=" " tag="022"><subfield code="a">2470-0185</subfield><subfield code="2">1</subfield></datafield><datafield ind1=" " ind2=" " tag="042"><subfield code="a">msc</subfield><subfield code="a">nsdp</subfield></datafield><datafield ind1=" " ind2=" " tag="043"><subfield code="a">n-us-ms</subfield></datafield><datafield ind1="0" ind2="0" tag="050"><subfield code="a">Newspaper</subfield></datafield><datafield ind1="1" ind2="0" tag="082"><subfield code="a">071</subfield><subfield code="2">23</subfield></datafield><datafield ind1="0" ind2=" " tag="130"><subfield code="a">Republican (Woodville, Miss.)</subfield></datafield><datafield ind1=" " ind2="4" tag="222"><subfield code="a">The Republican</subfield><subfield code="b">(Woodville, Miss. Print)</subfield></datafield><datafield ind1="0" ind2="4" tag="245"><subfield code="a">The Republican.</subfield></datafield><datafield ind1=" " ind2=" " tag="260"><subfield code="a">Woodville, Miss. :</subfield><subfield code="b">F. Soule &amp; J.H. Leatherman,</subfield><subfield code="c">1844-1847.</subfield></datafield><datafield ind1=" " ind2=" " tag="300"><subfield code="a">v.</subfield></datafield><datafield ind1=" " ind2=" " tag="310"><subfield code="a">Weekly</subfield></datafield><datafield ind1="0" ind2=" " tag="362"><subfield code="a">New ser., v. 21, no. 7 (Feb. 3, 1844)-new ser. v. 24, no. 7 (Jan. 30, 1847).</subfield></datafield><datafield ind1=" " ind2=" " tag="530"><subfield code="a">Available on microfilm from The University of Kenkucky &amp; The Genealogical Society, Salt Lake City, Utah.</subfield></datafield><datafield ind1=" " ind2=" " tag="530"><subfield code="a">Archived issues are available in digital format from the Library of Congress Chronicling America online collection.</subfield></datafield><datafield ind1=" " ind2="0" tag="651"><subfield code="a">Woodville (Miss.)</subfield><subfield code="v">Newspapers.</subfield></datafield><datafield ind1=" " ind2="7" tag="651"><subfield code="a">Mississippi</subfield><subfield code="z">Woodville.</subfield><subfield code="2">fast</subfield><subfield code="0">(OCoLC)fst01256176</subfield></datafield><datafield ind1=" " ind2="7" tag="655"><subfield code="a">Newspapers.</subfield><subfield code="2">fast</subfield><subfield code="0">(OCoLC)fst01423814</subfield></datafield><datafield ind1=" " ind2=" " tag="752"><subfield code="a">United States</subfield><subfield code="b">Mississippi</subfield><subfield code="c">Wilkinson</subfield><subfield code="d">Woodville.</subfield></datafield><datafield ind1="0" ind2="8" tag="776"><subfield code="i">Online version:</subfield><subfield code="t">Republican (Woodville, Miss.)</subfield><subfield code="x">2470-0193</subfield><subfield code="w">(DLC)  2015270739</subfield><subfield code="w">(OCoLC)932303903</subfield></datafield><datafield ind1="0" ind2="0" tag="780"><subfield code="t">Woodville Republican (Woodville, Miss. : 1833)</subfield><subfield code="x">2378-3311</subfield><subfield code="w">(DLC)sn 84020021</subfield><subfield code="w">(OCoLC)10268953</subfield></datafield><datafield ind1="0" ind2="0" tag="785"><subfield code="t">Woodville Republican (Woodville, Miss. : 1847)</subfield><subfield code="x">2378-3362</subfield><subfield code="w">(DLC)sn 84020023</subfield><subfield code="w">(OCoLC)10269018</subfield></datafield><datafield ind1="4" ind2="1" tag="856"><subfield code="u">http://www.loc.gov/chroniclingamerica/lccn/sn84020022/issues</subfield></datafield><datafield ind1="1" ind2=" " tag="029"><subfield code="a">AU@</subfield><subfield code="b">000020128543</subfield></datafield></record>